<?xml version="1.0" encoding="UTF-8"?><collection xmlns="http://www.loc.gov/MARC21/slim"><record><leader>00418nam--2200157-i-4500</leader><controlfield tag="001">000032235</controlfield><controlfield tag="002">20161230</controlfield><controlfield tag="005">20161230201039</controlfield><controlfield tag="008">060222s1000------------r-----000-0-eng-d</controlfield><datafield ind1=" " ind2=" " tag="080"><subfield code="a">517.983</subfield></datafield><datafield ind1=" " ind2=" " tag="100"><subfield code="a">Mayer, M. E</subfield></datafield><datafield ind1=" " ind2=" " tag="245"><subfield code="a">Operatori liniari in spatii unitare</subfield></datafield><datafield ind1=" " ind2=" " tag="260"><subfield code="a">Bucuresti, Ed.Tehnica, 1956, 127p</subfield></datafield><datafield ind1=" " ind2=" " tag="490"><subfield code="a">Acad,P.R.P., Stiinta Si Tehnica</subfield></datafield><datafield ind1=" " ind2=" " tag="852"><subfield code="a">4474</subfield><subfield code="c">517.43</subfield></datafield><datafield ind1=" " ind2=" " tag="CAT"><subfield code="a">Sys</subfield><subfield code="c">20080722</subfield><subfield code="h">125234</subfield></datafield></record></collection>